@InCollection{fillmore,
  author = {Charles J. Fillmore},
  title = {The {C}ase for{C}ase},
  booktitle = {Universals in Linguistic Theory},
  editor = {Emmon W. Bach and Robert T. Harms},
  year = {1968},
  pages = {1--88},
  publisher = {Holt, Rinehart \& Winston},
  address = {New York}
}

@misc{CRFsuite,
	author = {Naoaki Okazaki},
	title = {C{R}{F}suite: a fast implementation of {C}onditional {R}andom {F}ields ({C}{R}{F}s)},
	url = {http://www.chokkan.org/software/crfsuite/},
	year = {2007}
}

@inproceedings{lafferty,
 author = {Lafferty, John D. and McCallum, Andrew and Pereira, Fernando C. N.},
 title = {Conditional {R}andom {F}ields: {P}robabilistic {M}odels for {S}egmenting and {L}abeling {S}equence {D}ata},
 booktitle = {Proceedings of the Eighteenth International Conference on Machine Learning},
 series = {ICML '01},
 year = {2001},
 pages = {282--289},
 numpages = {8},
 publisher = {Morgan Kaufmann Publishers Inc.},
 address = {San Francisco, CA, USA},
}

@article{nocedal,
  author = {Nocedal, Jorge},
  journal = {Mathematics of computation},
  keywords = {imported},
  number = 151,
  pages = {773--782},
  title = {Updating quasi-Newton matrices with limited storage},
  volume = 35,
  year = 1980
}

@MISC{tiger,
    author = {Sabine Brants and Stefanie Dipper and Silvia Hansen and Wolfgang Lezius and George Smith},
    title = {The {TIGER} {T}reebank},
    year = {2002}
}

@INPROCEEDINGS{propbank,
    author = {Paul Kingsbury and Martha Palmer},
    title = {From treebank to propbank},
    booktitle = {In Language Resources and Evaluation},
    year = {2002}
}

@inproceedings{lund,
 author = {Bj\"{o}rkelund, Anders and Hafdell, Love and Nugues, Pierre},
 title = {Multilingual {S}emantic {R}ole {L}abeling},
 booktitle = {Proceedings of the Thirteenth Conference on Computational Natural Language Learning: Shared Task},
 series = {CoNLL '09},
 year = {2009},
 isbn = {978-1-932432-29-9},
 location = {Boulder, Colorado},
 pages = {43--48},
 numpages = {6},
 publisher = {Association for Computational Linguistics},
 address = {Stroudsburg, PA, USA},
} 
